@article{SMOTE,
	author = {Nitesh V. Chawla, Kevin W. Bowyer, Lawrence O. Hall, W. Philip Kegelmeyer},
	title = {SMOTE: Synthetic Minority Over-sampling Technique},
	journaltitle = {Journal of Artificial Intelligence Research 16 (2002},
	date = {06/02},
	OPTurl = {http://www.cs.cmu.edu/afs/cs/project/jair/pub/volume16/chawla02a.pdf},
	OPTurldate = {12/10/2019},
}
